@inproceedings{rand_kin_planning,
  author    = {S. LaValle and J. Kuffner},
  booktitle = {International Journal of Robotics Research},
  title     = {Randomized kinodynamic planning},
  year      = {2001},
  volume    = {20.5},
  pages     = {378--400}
}

@inproceedings{anytime_rrts,
  author    = {D. Ferguson and A. Stentz},
  booktitle = {Proceedings of the IEEE International Conference on Intelligent Robots and Systems (IROS)},
  title     = {Anytime RRTs},
  year      = {2006}
}

@inproceedings{integrated_path_planning,
  author    = {D. Bertram, J. Kuffner, R. Dillmann, and T. Asfour},
  booktitle = {Proceedings of the IEEE International Conference on Robotics and Automation (ICRA)},
  title     = {An integrated approach to inverse kinematics and path planning for redundant manipulators},
  year      = {2006}
}

@inproceedings{humanoid_motion_planning,
  author    = {Vahrenkamp, et. al.},
  title     = {Humanoid Motion Planning for Dual-Arm Manipulation and Re-Grasping Tasks},
  year      = {2009},
  month     = {October}
}

@inproceedings{random_planner_wo_ik,
  author    = {M. Vande Weghe, D. Ferguson, S. Srinivasa},
  title     = {Randomized Path Planning for Redundant Manipulators without Inverse Kinematics},
  year      = {2007}
}

@inproceedings{wgr_planning,
  author    = {Berenson, et. al.},
  title     = {Humanoid Motion Planning for Dual-Arm Manipulation and Re-Grasping Tasks},
  year      = {2009}
}

@inproceedings{inv_kin_review,
 author    = {A. Colome and C. Torras},
 title     = {Redundant Inverse Kinematics: Experimental Comparative Review and Two Enhancements},
 booktitle = {Robotics and Automation (ICRA), 2012 IEEE International Conference on,},
 pages     = {5333-5340},
 year      = {2012},
 month     = {October}
}

@inproceedings{obstacle_avoidance_w_fields,
  title={An Obstacle Avoidance Algorithm for a Mobile Robot Based upon the Potential Field Method},
  author={T. Wilschut},
  year={2011},
  month={November},
  organizaton={Eindhoven University of Technology}
}

@inproceedings{gazebo,
  title={Design and use paradigms for gazebo, an open-source multi-robot simulator},
  author={Koenig, Nathan and Howard, Andrew},
  booktitle={Intelligent Robots and Systems, 2004.(IROS 2004). Proceedings. 2004 IEEE/RSJ International Conference on},
  volume={3},
  pages={2149--2154},
  year={2004},
  organization={IEEE}
}